[gd_scene load_steps=27 format=2]

[ext_resource path="res://blocks.tres" type="TileSet" id=1]
[ext_resource path="res://boat.gd" type="Script" id=2]
[ext_resource path="res://boat.png" type="Texture" id=3]
[ext_resource path="res://DejaVuSans.ttf" type="DynamicFontData" id=4]
[ext_resource path="res://timer.png" type="Texture" id=5]
[ext_resource path="res://gain_points.wav" type="AudioStream" id=6]
[ext_resource path="res://lose_crate.wav" type="AudioStream" id=7]

[sub_resource type="DynamicFont" id=1]
size = 44
outline_size = 2
outline_color = Color( 0, 0, 0, 1 )
font_data = ExtResource( 4 )

[sub_resource type="AtlasTexture" id=2]
atlas = ExtResource( 5 )
region = Rect2( 0, 0, 96, 96 )

[sub_resource type="AtlasTexture" id=3]
atlas = ExtResource( 5 )
region = Rect2( 96, 0, 96, 96 )

[sub_resource type="AtlasTexture" id=4]
atlas = ExtResource( 5 )
region = Rect2( 192, 0, 96, 96 )

[sub_resource type="AtlasTexture" id=5]
atlas = ExtResource( 5 )
region = Rect2( 288, 0, 96, 96 )

[sub_resource type="AtlasTexture" id=6]
atlas = ExtResource( 5 )
region = Rect2( 384, 0, 96, 96 )

[sub_resource type="AtlasTexture" id=7]
atlas = ExtResource( 5 )
region = Rect2( 480, 0, 96, 96 )

[sub_resource type="AtlasTexture" id=8]
atlas = ExtResource( 5 )
region = Rect2( 576, 0, 96, 96 )

[sub_resource type="AtlasTexture" id=9]
atlas = ExtResource( 5 )
region = Rect2( 672, 0, 96, 96 )

[sub_resource type="AtlasTexture" id=10]
atlas = ExtResource( 5 )
region = Rect2( 768, 0, 96, 96 )

[sub_resource type="AtlasTexture" id=11]
atlas = ExtResource( 5 )
region = Rect2( 864, 0, 96, 96 )

[sub_resource type="AtlasTexture" id=12]
atlas = ExtResource( 5 )
region = Rect2( 960, 0, 96, 96 )

[sub_resource type="AtlasTexture" id=13]
atlas = ExtResource( 5 )
region = Rect2( 1056, 0, 96, 96 )

[sub_resource type="AtlasTexture" id=14]
atlas = ExtResource( 5 )
region = Rect2( 1152, 0, 96, 96 )

[sub_resource type="AtlasTexture" id=15]
atlas = ExtResource( 5 )
region = Rect2( 1248, 0, 96, 96 )

[sub_resource type="AtlasTexture" id=16]
atlas = ExtResource( 5 )
region = Rect2( 1344, 0, 96, 96 )

[sub_resource type="AtlasTexture" id=17]
atlas = ExtResource( 5 )
region = Rect2( 1440, 0, 96, 96 )

[sub_resource type="AtlasTexture" id=18]
atlas = ExtResource( 5 )
region = Rect2( 1536, 0, 96, 96 )

[sub_resource type="SpriteFrames" id=19]
animations = [ {
"frames": [ SubResource( 2 ), SubResource( 3 ), SubResource( 4 ), SubResource( 5 ), SubResource( 6 ), SubResource( 7 ), SubResource( 8 ), SubResource( 9 ), SubResource( 10 ), SubResource( 11 ), SubResource( 12 ), SubResource( 13 ), SubResource( 14 ), SubResource( 15 ), SubResource( 16 ), SubResource( 17 ), SubResource( 18 ) ],
"loop": true,
"name": "default",
"speed": 5.0
} ]

[node name="Node2D" type="Area2D"]
script = ExtResource( 2 )

[node name="Sprite" type="Sprite" parent="."]
scale = Vector2( 2, 2 )
texture = ExtResource( 3 )

[node name="TileMap" type="TileMap" parent="."]
position = Vector2( -120, -120 )
scale = Vector2( 2, 2 )
tile_set = ExtResource( 1 )
cell_size = Vector2( 24, 24 )
collision_use_parent = true
format = 1
tile_data = PoolIntArray( 0, 6, 0, 1, 6, 0, 2, 6, 0, 3, 6, 0, 4, 6, 0, 65536, 6, 0, 65537, 6, 0, 65538, 6, 0, 65539, 6, 0, 65540, 6, 0, 131072, 6, 0, 131073, 6, 0, 131074, 6, 0, 131075, 6, 0, 131076, 6, 0, 196608, 6, 0, 196609, 6, 0, 196610, 6, 0, 196611, 6, 0, 196612, 6, 0, 262144, 6, 0, 262145, 6, 0, 262146, 6, 0, 262147, 6, 0, 262148, 6, 0 )

[node name="Timer" type="Timer" parent="."]
wait_time = 16.0
one_shot = true

[node name="Label" type="Label" parent="."]
anchor_left = 0.5
anchor_top = 0.5
anchor_right = 0.5
anchor_bottom = 0.5
margin_left = -224.0
margin_top = -48.0
margin_right = -128.0
margin_bottom = 48.0
custom_colors/font_color = Color( 0.415686, 0.745098, 0.188235, 1 )
custom_fonts/font = SubResource( 1 )
text = "0"
align = 1
valign = 1

[node name="AnimatedSprite" type="AnimatedSprite" parent="."]
position = Vector2( 176, 0 )
frames = SubResource( 19 )

[node name="AudioStreamPlayer2D" type="AudioStreamPlayer2D" parent="."]
stream = ExtResource( 6 )
volume_db = 10.0

[node name="AudioStreamPlayer2D2" type="AudioStreamPlayer2D" parent="."]
stream = ExtResource( 7 )
volume_db = -10.0

[connection signal="timeout" from="Timer" to="." method="_on_Timer_timeout"]
