[gd_scene load_steps=7 format=2]

[ext_resource path="res://font.tres" type="DynamicFont" id=1]
[ext_resource path="res://world.gd" type="Script" id=2]
[ext_resource path="res://crate.png" type="Texture" id=3]
[ext_resource path="res://background.png" type="Texture" id=4]
[ext_resource path="res://DejaVuSans.ttf" type="DynamicFontData" id=5]

[sub_resource type="DynamicFont" id=1]
size = 48
outline_size = 2
outline_color = Color( 0, 0, 0, 1 )
font_data = ExtResource( 5 )

[node name="Node2D" type="Node2D" groups=["world"]]
script = ExtResource( 2 )

[node name="CanvasLayer" type="CanvasLayer" parent="."]

[node name="Label" type="Label" parent="CanvasLayer"]
anchor_left = 1.0
anchor_right = 1.0
margin_left = -170.0
margin_top = 10.0
margin_right = -10.0
margin_bottom = 67.0
custom_colors/font_color = Color( 0.415686, 0.745098, 0.188235, 1 )
custom_fonts/font = SubResource( 1 )
text = "0"
align = 2

[node name="TextureRect2" type="TextureRect" parent="CanvasLayer"]
margin_left = 10.0
margin_top = 10.0
texture = ExtResource( 3 )

[node name="TextureRect3" type="TextureRect" parent="CanvasLayer"]
margin_left = 68.0
margin_top = 10.0
texture = ExtResource( 3 )

[node name="TextureRect4" type="TextureRect" parent="CanvasLayer"]
margin_left = 126.0
margin_top = 10.0
texture = ExtResource( 3 )

[node name="TextureRect5" type="TextureRect" parent="CanvasLayer"]
margin_left = 184.0
margin_top = 10.0
texture = ExtResource( 3 )

[node name="TextureRect6" type="TextureRect" parent="CanvasLayer"]
margin_left = 242.0
margin_top = 10.0
texture = ExtResource( 3 )

[node name="Label2" type="Label" parent="CanvasLayer"]
visible = false
anchor_left = 0.5
anchor_top = 0.5
anchor_right = 0.5
anchor_bottom = 0.5
margin_left = -199.0
margin_top = -90.0
margin_right = 200.0
margin_bottom = -5.0
custom_colors/font_color = Color( 0, 0, 0, 1 )
custom_fonts/font = ExtResource( 1 )
text = "Game Over"
align = 1
valign = 1

[node name="TextureRect" type="TextureRect" parent="."]
margin_right = 1280.0
margin_bottom = 720.0
rect_pivot_offset = Vector2( 104, 25 )
mouse_filter = 2
texture = ExtResource( 4 )
